@MISC{2016ascl.soft06014N,
       author = {{Newville}, Matthew and {Stensitzki}, Till and {Allen}, Daniel B. and {Rawlik}, Michal and {Ingargiola}, Antonino and {Nelson}, Andrew},
        title = "{Lmfit: Non-Linear Least-Square Minimization and Curve-Fitting for Python}",
     keywords = {Software},
         year = 2016,
        month = jun,
          eid = {ascl:1606.014},
        pages = {ascl:1606.014},
archivePrefix = {ascl},
       eprint = {1606.014},
       adsurl = {https://ui.adsabs.harvard.edu/abs/2016ascl.soft06014N},
      adsnote = {Provided by the SAO/NASA Astrophysics Data System}
}

@misc{ enwiki:1048317561,
    author = "{Wikipedia contributors}",
    title = "RC circuit --- {Wikipedia}{,} The Free Encyclopedia",
    year = "2021",
    url = "https://en.wikipedia.org/w/index.php?title=RC_circuit&oldid=1048317561",
    note = "[Online; accessed 26-October-2021]"
  }

 @misc{kebede_2021, title={PHY220 Documentations}, url={https://220.kebede.org/}, journal={PHY220 Documentation Websites}, author={Kebede, Aaron}, year={2021}} 